<?xml version="1.0" encoding="UTF-8"?><collection xmlns="http://www.loc.gov/MARC21/slim"><record><leader>00308nam--2200133-i-4500</leader><controlfield tag="001">000042933</controlfield><controlfield tag="002">20161230</controlfield><controlfield tag="005">20161230201043</controlfield><controlfield tag="008">060222s1000------------r-----000-0-eng-d</controlfield><datafield ind1=" " ind2=" " tag="080"><subfield code="a">51</subfield></datafield><datafield ind1=" " ind2=" " tag="100"><subfield code="a">Stiefel,Eduard</subfield></datafield><datafield ind1=" " ind2=" " tag="245"><subfield code="a">Intr.a la math.numerique</subfield></datafield><datafield ind1=" " ind2=" " tag="260"><subfield code="a">Paris, Dunod, 1967. Xii + 305</subfield></datafield><datafield ind1=" " ind2=" " tag="852"><subfield code="a">28659</subfield></datafield></record></collection>